<?xml version="1.0"?>
<marc:collection xmlns:marc="http://www.loc.gov/MARC21/slim" xmlns:xsi="http://www.w3.org/2001/XMLSchema-instance" xsi:schemaLocation="http://www.loc.gov/MARC21/slim http://www.loc.gov/standards/marcxml/schema/MARC21slim.xsd">
   <marc:record type="Bibliographic">
      <marc:leader>02542cam a2200469 a 4500</marc:leader>
      <marc:controlfield tag="001">330357</marc:controlfield>
      <marc:controlfield tag="003">NjP</marc:controlfield>
      <marc:controlfield tag="005">20140709105730.0</marc:controlfield>
      <marc:controlfield tag="008">860918q19601969ir            000 0 arard</marc:controlfield>
      <marc:datafield tag="024" ind1="7" ind2=" ">
         <marc:subfield code="a">princeton_aco000012</marc:subfield>
         <marc:subfield code="2">local</marc:subfield>
      </marc:datafield>
      <marc:datafield tag="035" ind1=" " ind2=" ">
         <marc:subfield code="a">(OCoLC)ocn175803273</marc:subfield>
      </marc:datafield>
      <marc:datafield tag="035" ind1=" " ind2=" ">
         <marc:subfield code="a">(OCoLC)122817441</marc:subfield>
      </marc:datafield>
      <marc:datafield tag="040" ind1=" " ind2=" ">
         <marc:subfield code="a">NjP</marc:subfield>
         <marc:subfield code="c">PUL</marc:subfield>
         <marc:subfield code="d">PUL</marc:subfield>
      </marc:datafield>
      <marc:datafield tag="066" ind1=" " ind2=" ">
         <marc:subfield code="c">(3</marc:subfield>
      </marc:datafield>
      <marc:datafield tag="035" ind1=" " ind2=" ">
         <marc:subfield code="a">(OCoLC)175803273</marc:subfield>
      </marc:datafield>
      <marc:datafield tag="035" ind1=" " ind2=" ">
         <marc:subfield code="a">(CStRLIN)NJPG86-B41273</marc:subfield>
      </marc:datafield>
      <marc:datafield tag="035" ind1=" " ind2=" ">
         <marc:subfield code="9">ABQ5683TS</marc:subfield>
      </marc:datafield>
      <marc:datafield tag="035" ind1=" " ind2=" ">
         <marc:subfield code="a">(NjP)330357</marc:subfield>
      </marc:datafield>
      <marc:datafield tag="079" ind1=" " ind2=" ">
         <marc:subfield code="a">ocn122817441</marc:subfield>
      </marc:datafield>
      <marc:datafield tag="049" ind1=" " ind2=" ">
         <marc:subfield code="a">PULL</marc:subfield>
      </marc:datafield>
      <marc:datafield tag="100" ind1="1" ind2=" ">
         <marc:subfield code="6">880-01</marc:subfield>
         <marc:subfield code="a">Tafta&#x304;za&#x304;ni&#x304;, Mas&#x2BB;u&#x304;d ibn &#x2BB;Umar,</marc:subfield>
         <marc:subfield code="d">1322-1389?</marc:subfield>
      </marc:datafield>
      <marc:datafield tag="240" ind1="1" ind2="0">
         <marc:subfield code="6">880-02</marc:subfield>
         <marc:subfield code="a">Mukhtas&#x323;ar al-Ma&#x2BB;a&#x304;ni&#x304;</marc:subfield>
      </marc:datafield>
      <marc:datafield tag="245" ind1="1" ind2="0">
         <marc:subfield code="6">880-03</marc:subfield>
         <marc:subfield code="a">Sharh&#x323; al-mukhtas&#x323;ar &#x2BB;ala&#x301; Talkhi&#x304;s&#x323; al-Mifta&#x304;h&#x323; lil-khat&#x323;i&#x304;b al-Qazwi&#x304;ni&#x304; fi&#x304; al-ma&#x2BB;a&#x304;ni&#x304; wa-al-baya&#x304;n wa-al-badi&#x304;&#x2BB; /</marc:subfield>
         <marc:subfield code="c">li-Sa&#x2BB;d al-Di&#x304;n al-Tafta&#x304;za&#x304;ni&#x304; ; wa-qad rattaba t&#x323;ab&#x2BB;ihi wa-&#x2BB;allaqa h&#x323;awa&#x304;shi&#x304;hi wa-za&#x304;da fi&#x304; shawa&#x304;hidihi &#x2BB;Abd al-Mutta&#x2BB;a&#x304;l al-S&#x323;a&#x2BB;i&#x304;di&#x304; ...</marc:subfield>
      </marc:datafield>
      <marc:datafield tag="260" ind1=" " ind2=" ">
         <marc:subfield code="6">880-04</marc:subfield>
         <marc:subfield code="a">Qum :</marc:subfield>
         <marc:subfield code="b">Kita&#x304;bfuru&#x304;sh Katabi&#x304; Najafi&#x304;,</marc:subfield>
         <marc:subfield code="c">[196-?]</marc:subfield>
      </marc:datafield>
      <marc:datafield tag="300" ind1=" " ind2=" ">
         <marc:subfield code="a">2 v. in 1 ;</marc:subfield>
         <marc:subfield code="c">25 cm.</marc:subfield>
      </marc:datafield>
      <marc:datafield tag="500" ind1=" " ind2=" ">
         <marc:subfield code="a">A commentary by al-Tafta&#x304;za&#x304;ni&#x304; on Talkhi&#x304;s&#x323; al-Mifta&#x304;h&#x323; by al-Qazwi&#x304;ni&#x304;.  The latter work is itself an extract from al-Sakka&#x304;ki&#x304;'s Mifta&#x304;h&#x323; al-&#x2BB;ulu&#x304;m part 3 (&#x2BB;Ilm al-ma&#x2BB;a&#x304;ni&#x304; wa-al-baya&#x304;n).</marc:subfield>
      </marc:datafield>
      <marc:datafield tag="500" ind1=" " ind2=" ">
         <marc:subfield code="a">Partially vocalized.</marc:subfield>
      </marc:datafield>
      <marc:datafield tag="650" ind1=" " ind2="0">
         <marc:subfield code="a">Arabic language</marc:subfield>
         <marc:subfield code="x">Rhetoric.</marc:subfield>
      </marc:datafield>
      <marc:datafield tag="700" ind1="1" ind2=" ">
         <marc:subfield code="6">880-05</marc:subfield>
         <marc:subfield code="a">Qazwi&#x304;ni&#x304;, Jala&#x304;l al-Di&#x304;n Muh&#x323;ammad ibn &#x2BB;Abd al-Rah&#x323;ma&#x304;n,</marc:subfield>
         <marc:subfield code="d">1267 or 8-1338.</marc:subfield>
         <marc:subfield code="t">Talkhi&#x304;s&#x323; al-Mifta&#x304;h&#x323;.</marc:subfield>
      </marc:datafield>
      <marc:datafield tag="740" ind1="0" ind2=" ">
         <marc:subfield code="6">880-06</marc:subfield>
         <marc:subfield code="a">Sharh&#x323; al-mukhtas&#x323;ar.</marc:subfield>
      </marc:datafield>
      <marc:datafield tag="740" ind1="0" ind2=" ">
         <marc:subfield code="6">880-07</marc:subfield>
         <marc:subfield code="a">Mukhtas&#x323;ar al-Ma&#x2BB;a&#x304;ni&#x304;.</marc:subfield>
      </marc:datafield>
      <marc:datafield tag="880" ind1="1" ind2=" ">
         <marc:subfield code="6">100-01/(3/r</marc:subfield>
         <marc:subfield code="a">&#x62A;&#x641;&#x62A;&#x627;&#x632;&#x627;&#x646;&#x64A;&#x60C; &#x645;&#x633;&#x639;&#x648;&#x62F; &#x628;&#x646; &#x639;&#x645;&#x631;&#x60C;</marc:subfield>
         <marc:subfield code="d">1322-1389&#x61F;</marc:subfield>
      </marc:datafield>
      <marc:datafield tag="880" ind1="1" ind2="0">
         <marc:subfield code="6">240-02/(3/r</marc:subfield>
         <marc:subfield code="a">&#x645;&#x62E;&#x62A;&#x635;&#x631; &#x627;&#x644;&#x645;&#x639;&#x627;&#x646;&#x64A;</marc:subfield>
      </marc:datafield>
      <marc:datafield tag="880" ind1="1" ind2="0">
         <marc:subfield code="6">245-03/(3/r</marc:subfield>
         <marc:subfield code="a">&#x634;&#x631;&#x62D; &#x627;&#x644;&#x645;&#x62E;&#x62A;&#x635;&#x631; &#x639;&#x644;&#x649; &#x62A;&#x644;&#x62E;&#x64A;&#x635; &#x627;&#x644;&#x645;&#x641;&#x62A;&#x627;&#x62D; &#x644;&#x644;&#x62E;&#x637;&#x64A;&#x628; &#x627;&#x644;&#x642;&#x632;&#x648;&#x64A;&#x646;&#x64A; &#x641;&#x64A; &#x627;&#x644;&#x645;&#x639;&#x627;&#x646;&#x64A; &#x648;&#x627;&#x644;&#x628;&#x64A;&#x627;&#x646; &#x648;&#x627;&#x644;&#x628;&#x62F;&#x64A;&#x639; /</marc:subfield>
         <marc:subfield code="c">&#x644;&#x633;&#x639;&#x62F; &#x627;&#x644;&#x62F;&#x64A;&#x646; &#x627;&#x644;&#x62A;&#x641;&#x62A;&#x627;&#x632;&#x627;&#x646;&#x64A; &#x61B; &#x648;&#x642;&#x62F; &#x631;&#x62A;&#x628; &#x637;&#x628;&#x639;&#x647; &#x648;&#x639;&#x644;&#x642; &#x62D;&#x648;&#x627;&#x634;&#x64A;&#x647; &#x648;&#x632;&#x627;&#x62F; &#x641;&#x64A; &#x634;&#x648;&#x627;&#x647;&#x62F;&#x647; &#x639;&#x628;&#x62F; &#x627;&#x644;&#x645;&#x62A;&#x639;&#x627;&#x644; &#x627;&#x644;&#x635;&#x639;&#x64A;&#x62F;&#x64A; ...</marc:subfield>
      </marc:datafield>
      <marc:datafield tag="880" ind1=" " ind2=" ">
         <marc:subfield code="6">260-04/(3/r</marc:subfield>
         <marc:subfield code="a">&#x642;&#x645; :</marc:subfield>
         <marc:subfield code="b">&#x643;&#x62A;&#x627;&#x628;&#x641;&#x631;&#x648;&#x634; &#x643;&#x62A;&#x628;&#x64A; &#x646;&#x62C;&#x641;&#x64A;&#x60C;</marc:subfield>
         <marc:subfield code="c">[196-&#x61F;]</marc:subfield>
      </marc:datafield>
      <marc:datafield tag="880" ind1="1" ind2=" ">
         <marc:subfield code="6">700-05/(3/r</marc:subfield>
         <marc:subfield code="a">&#x642;&#x632;&#x648;&#x64A;&#x646;&#x64A;&#x60C; &#x62C;&#x644;&#x627;&#x644; &#x627;&#x644;&#x62F;&#x64A;&#x646; &#x645;&#x62D;&#x645;&#x62F; &#x628;&#x646; &#x639;&#x628;&#x62F; &#x627;&#x644;&#x631;&#x62D;&#x645;&#x646;&#x60C;</marc:subfield>
         <marc:subfield code="d">1267 or 8-1338.</marc:subfield>
         <marc:subfield code="t">&#x62A;&#x644;&#x62E;&#x64A;&#x635; &#x627;&#x644;&#x645;&#x641;&#x62A;&#x627;&#x62D;.</marc:subfield>
      </marc:datafield>
      <marc:datafield tag="880" ind1="0" ind2=" ">
         <marc:subfield code="6">740-06/(3/r</marc:subfield>
         <marc:subfield code="a">&#x634;&#x631;&#x62D; &#x627;&#x644;&#x645;&#x62E;&#x62A;&#x635;&#x631;.</marc:subfield>
      </marc:datafield>
      <marc:datafield tag="880" ind1="0" ind2=" ">
         <marc:subfield code="6">740-07/(3/r</marc:subfield>
         <marc:subfield code="a">&#x645;&#x62E;&#x62A;&#x635;&#x631; &#x627;&#x644;&#x645;&#x639;&#x627;&#x646;&#x64A;.</marc:subfield>
      </marc:datafield>
      <marc:datafield tag="998" ind1=" " ind2=" ">
         <marc:subfield code="a">09/18/86</marc:subfield>
         <marc:subfield code="s">9124</marc:subfield>
         <marc:subfield code="n">NjP</marc:subfield>
         <marc:subfield code="w">NJPG86B41273</marc:subfield>
         <marc:subfield code="d">09/18/86</marc:subfield>
         <marc:subfield code="c">SSH</marc:subfield>
         <marc:subfield code="b">JCB</marc:subfield>
         <marc:subfield code="i">860918</marc:subfield>
         <marc:subfield code="l">NJPG</marc:subfield>
      </marc:datafield>
      <marc:datafield tag="948" ind1=" " ind2=" ">
         <marc:subfield code="a">CON PC2</marc:subfield>
      </marc:datafield>
      <marc:datafield tag="911" ind1=" " ind2=" ">
         <marc:subfield code="a">19921028</marc:subfield>
      </marc:datafield>
      <marc:datafield tag="912" ind1=" " ind2=" ">
         <marc:subfield code="a">19900827000000.0</marc:subfield>
      </marc:datafield>
      <marc:datafield tag="994" ind1=" " ind2=" ">
         <marc:subfield code="a">C0</marc:subfield>
         <marc:subfield code="b">PUL</marc:subfield>
      </marc:datafield>
      <marc:datafield tag="999" ind1=" " ind2=" ">
         <marc:subfield code="a">330357</marc:subfield>
      </marc:datafield>
   </marc:record>
</marc:collection>
